% This file was created with JabRef 2.10.
% Encoding: UTF8

@Misc{lastfm,
  Title                    = {Last.FM},

  Year                     = {2016},

  Url                      = {http://www.last.fm/}
}

@Misc{lastfmdataset,
  Title                    = {Last.FM Dataset},

  Author                   = {Celma, O.},
  Year                     = {2010},

  Url                      = {http://www.dtic.upf.edu/~ocelma/MusicRecommendationDataset/lastfm-1K.html}
}